<?xml version="1.0" encoding="UTF-8"?><record xmlns="http://www.loc.gov/MARC21/slim" xmlns:cinclude="http://apache.org/cocoon/include/1.0" xmlns:zs="http://www.loc.gov/zing/srw/">
  <leader>00522nz  a2200133n  4500</leader>
  <controlfield tag="001">no2014132984</controlfield>
  <controlfield tag="003">DLC</controlfield>
  <controlfield tag="005">20141009073534.0</controlfield>
  <controlfield tag="008">141008n| azannaabn          |n ana     c</controlfield>
  <datafield tag="010" ind1=" " ind2=" ">
    <subfield code="a">no2014132984</subfield>
  </datafield>
  <datafield tag="035" ind1=" " ind2=" ">
    <subfield code="a">(OCoLC)oca09982887</subfield>
  </datafield>
  <datafield tag="040" ind1=" " ind2=" ">
    <subfield code="a">DJBF</subfield>
    <subfield code="b">eng</subfield>
    <subfield code="e">rda</subfield>
    <subfield code="c">DJBF</subfield>
  </datafield>
  <datafield tag="110" ind1="2" ind2=" ">
    <subfield code="a">United Nations.</subfield>
    <subfield code="b">Economic Commission for Europe.</subfield>
    <subfield code="b">Task Force on Time-Use Surveys</subfield>
  </datafield>
  <datafield tag="670" ind1=" " ind2=" ">
    <subfield code="a">Guidelines for harmonizing time-use surveys, 2014:</subfield>
    <subfield code="b">title page (United Nations Economic Commission for Europe; prepared by the Task Force on Time-Use Surveys)</subfield>
  </datafield>
</record>